%3
@article{DBLP:journals/jsat/KoshimuraZFH12,
  author    = {Miyuki Koshimura and
               Tong Zhang and
               Hiroshi Fujita and
               Ryuzo Hasegawa},
  title     = {{QMaxSAT: {A} Partial Max-SAT Solver}},
  journal   = {{JSAT}},
  volume    = {8},
  number    = {1/2},
  pages     = {95--100},
  year      = {2012}
}

%24
@inproceedings{DBLP:conf/ijcai/AudemardS09,
  author    = {Gilles Audemard and
               Laurent Simon},
  title     = {{Predicting Learnt Clauses Quality in Modern {SAT} Solvers}},
  booktitle = {{IJCAI} 2009, Proceedings of the 21st International Joint Conference
               on Artificial Intelligence, Pasadena, California, USA, July 11-17,
               2009},
  pages     = {399--404},
  year      = {2009},
  crossref  = {DBLP:conf/ijcai/2009}
}
@proceedings{DBLP:conf/ijcai/2009,
  editor    = {Craig Boutilier},
  title     = {{IJCAI} 2009, Proceedings of the 21st International Joint Conference
               on Artificial Intelligence, Pasadena, California, USA, July 11-17,
               2009},
  year      = {2009}
}

% MiniSat
@InProceedings{10.1007/978-3-540-24605-3_37,
author="E{\'e}n, Niklas
and S{\"o}rensson, Niklas",
editor="Giunchiglia, Enrico
and Tacchella, Armando",
title={{An Extensible SAT-solver}},
booktitle="Theory and Applications of Satisfiability Testing",
year="2004",
publisher="Springer Berlin Heidelberg",
address="Berlin, Heidelberg",
pages="502--518"
}

% MTO
@inproceedings{DBLP:conf/ictai/OgawaLHKF13,
  author    = {Toru Ogawa and
               Yangyang Liu and
               Ryuzo Hasegawa and
               Miyuki Koshimura and
               Hiroshi Fujita},
  title     = {{Modulo Based {CNF} Encoding of Cardinality Constraints and Its Application
               to MaxSAT Solvers}},
  booktitle = {2013 {IEEE} 25th International Conference on Tools with Artificial
               Intelligence, Herndon, VA, USA, November 4-6, 2013},
  pages     = {9--17},
  year      = {2013},
  crossref  = {DBLP:conf/ictai/2013}
}
@proceedings{DBLP:conf/ictai/2013,
  title     = {2013 {IEEE} 25th International Conference on Tools with Artificial
               Intelligence, Herndon, VA, USA, November 4-6, 2013},
  publisher = {{IEEE} Computer Society},
  year      = {2013}
}

% WTO
@article{hayata2015weighted,
  author	= {Sho Hayata and
		Ryuzo Hasegawa},
  title		= {{Improvement in {CNF} Encoding of Cardinality Constraints for Weighted Partial MaxSAT}},
  journal={SIG-FPAI, in Japanese},
  volume={4},
  number={04},
  pages={85--90},
  year={2015}
}

%17
@inproceedings{DBLP:conf/tacas/CodishFFS11,
  author    = {Michael Codish and
               Yoav Fekete and
               Carsten Fuhs and
               Peter Schneider{-}Kamp},
  title     = {{Optimal Base Encodings for Pseudo-Boolean Constraints}},
  booktitle = {Tools and Algorithms for the Construction and Analysis of Systems
               - 17th International Conference, {TACAS} 2011, Held as Part of the
               Joint European Conferences on Theory and Practice of Software, {ETAPS}
               2011, Saarbr{\"{u}}cken, Germany, March 26-April 3, 2011. Proceedings},
  pages     = {189--204},
  year      = {2011},
  crossref  = {DBLP:conf/tacas/2011}
}
@proceedings{DBLP:conf/tacas/2011,
  editor    = {Parosh Aziz Abdulla and
               K. Rustan M. Leino},
  title     = {Tools and Algorithms for the Construction and Analysis of Systems
               - 17th International Conference, {TACAS} 2011, Held as Part of the
               Joint European Conferences on Theory and Practice of Software, {ETAPS}
               2011, Saarbr{\"{u}}cken, Germany, March 26-April 3, 2011. Proceedings},
  series    = {Lecture Notes in Computer Science},
  volume    = {6605},
  publisher = {Springer},
  year      = {2011}
}

@incollection{li2009maxsat,
  author    = {Chu Min Li and
               Felip Many{\`{a}}},
  title     = {{MaxSAT, Hard and Soft Constraints}},
  booktitle = {Handbook of Satisfiability},
  pages     = {613--631},
  year      = {2009},
  crossref  = {DBLP:series/faia/2009-185},
  memo = "  url       = {https://doi.org/10.3233/978-1-58603-929-5-613}",
  doi       = {10.3233/978-1-58603-929-5-613},
  timestamp = {Tue, 16 May 2017 14:24:21 +0200},
  biburl    = {http://dblp2.uni-trier.de/rec/bib/series/faia/LiM09},
  bibsource = {dblp computer science bibliography, http://dblp.org}
}
@proceedings{DBLP:series/faia/2009-185,
  editor    = {Armin Biere and
               Marijn Heule and
               Hans van Maaren and
               Toby Walsh},
  title     = {{Handbook of Satisfiability}},
  series    = {Frontiers in Artificial Intelligence and Applications},
  volume    = {185},
  publisher = {{IOS} Press},
  year      = {2009},
  isbn      = {978-1-58603-929-5},
  timestamp = {Wed, 16 Sep 2009 11:21:15 +0200},
  biburl    = {http://dblp2.uni-trier.de/rec/bib/series/faia/2009-185},
  bibsource = {dblp computer science bibliography, http://dblp.org}
}

%29
% taai
@inproceedings{DBLP:conf/taai/ZhaAhyb,
  author    = {Aolong Zha and
               Miyuki Koshimura and
               Hiroshi Fujita},
  title     = {{A Hybrid Encoding of Pseudo-Boolean Constraints into CNF}},
  booktitle = {Conference on Technologies and Applications of Artificial Intelligence,
               {TAAI} 2017, Taipei, Taiwan, December 1-3, 2017},
  pages={9-12},
  year      = {2017},
  crossref  = {DBLP:conf/taai/2017}
}
@proceedings{DBLP:conf/taai/2017,
  title     = {Conference on Technologies and Applications of Artificial Intelligence,
               {TAAI} 2017, Taipei, Taiwan, December 1-3, 2017},
  publisher = {{IEEE}},
  doi={10.1109/TAAI.2017.15},
  year      = {2017}
}

% ictai
@inproceedings{DBLP:conf/ictai/Zhamix13,
  author    = {Aolong Zha and
               Naoki Uemura and
               Miyuki Koshimura and
               Hiroshi Fujita},
  title     = {{Mixed Radix Weight Totalizer Encoding for Pseudo-Boolean Constraints}},
  booktitle = {2017 {IEEE} 29th International Conference on Tools with Artificial
               Intelligence, Boston, MA, USA, November 6-8, 2017},
  pages={868-875},
  doi={10.1109/ICTAI.2017.00135},
  year      = {2017},
  crossref  = {DBLP:conf/ictai/2017}
}
@proceedings{DBLP:conf/ictai/2017,
  title     = {2017 {IEEE} 29th International Conference on Tools with Artificial
               Intelligence, Boston, MA, USA, November 6-8, 2017},
  publisher = {{IEEE} Computer Society},
  year      = {2017}
}

